<?xml version="1.0" encoding="UTF-8"?><collection xmlns="http://www.loc.gov/MARC21/slim"><record><leader>00479nam--2200133-i-4500</leader><controlfield tag="001">000004846</controlfield><controlfield tag="002">20161230</controlfield><controlfield tag="005">20161230201026</controlfield><controlfield tag="008">060222s1000------------r-----000-0-eng-d</controlfield><datafield ind1=" " ind2=" " tag="100"><subfield code="a">Dugue, Daniel</subfield></datafield><datafield ind1=" " ind2=" " tag="245"><subfield code="a">Ensembles mesurables et probabilisables. la mesure des ensembles lineaires. la rarefaction des ensembles de mesure nulle</subfield></datafield><datafield ind1=" " ind2=" " tag="260"><subfield code="a">Paris, Dunod, 1958</subfield></datafield><datafield ind1=" " ind2=" " tag="490"><subfield code="a">Probabilites, Statistique Recherche Operationnelle. Collection Dirigee Par George Darmois</subfield></datafield><datafield ind1=" " ind2=" " tag="852"><subfield code="a">519.2</subfield></datafield></record></collection>